<?xml version="1.0" encoding="UTF-8"?><collection xmlns="http://www.loc.gov/MARC21/slim"><record><leader>00531nam--2200193-u-4500</leader><controlfield tag="001">000052813</controlfield><controlfield tag="002">20161230</controlfield><controlfield tag="005">20161230201050</controlfield><controlfield tag="008">101122s1000------------r-----000-0-rus-d</controlfield><datafield ind1=" " ind2=" " tag="040"><subfield code="a">IFIN-HH</subfield></datafield><datafield ind1=" " ind2=" " tag="041"><subfield code="a">rus</subfield></datafield><datafield ind1=" " ind2=" " tag="080"><subfield code="a">535</subfield></datafield><datafield ind1="1" ind2=" " tag="100"><subfield code="a">Zaharova, V.A</subfield></datafield><datafield ind1="1" ind2="0" tag="245"><subfield code="a">Tabliti po svetorasseianiio malimi "miagkimi" sfericeskimi ceastitsami</subfield><subfield code="c">V.a. zaharova; i.a. nemcenko, f.ia. sidiko</subfield></datafield><datafield ind1=" " ind2=" " tag="260"><subfield code="a">Novosibirsk</subfield><subfield code="b">Nauka</subfield><subfield code="c">1976</subfield></datafield><datafield ind1=" " ind2=" " tag="300"><subfield code="a">172 P</subfield></datafield><datafield ind1="1" ind2=" " tag="700"><subfield code="a">Sidiko, F.Ia</subfield></datafield><datafield ind1=" " ind2=" " tag="852"><subfield code="a">45020</subfield><subfield code="c">535</subfield></datafield><datafield ind1=" " ind2=" " tag="CAT"><subfield code="a">Sys</subfield><subfield code="c">20101122</subfield><subfield code="h">085039</subfield></datafield></record></collection>